@article{burridge1967model,
  title={Model and theoretical seismicity},
  author={Burridge, Robert and Knopoff, Leon},
  journal={Bulletin of the seismological society of america},
  volume={57},
  number={3},
  pages={341--371},
  year={1967},
  publisher={The Seismological Society of America}
}

@manual{openmp2018reference,
    title={OpenMP Application Programming Interface},
    author={OpenMP Architecture Review Board},
    edition={5.0},
    month={November},
    year={2018}
}
